thien-nam@thiennam-XPS-15-9550.17090:1520990543