@inproceedings{androulaki2008payment,
  title={PAR: Payment for anonymous routing},
  author={Androulaki, Elli and Raykova, Mariana and Srivatsan, Shreyas and
                  Stavrou, Angelos and Bellovin, Steven M},
  booktitle={International Symposium on Privacy Enhancing Technologies
                  Symposium},
  pages={219--236},
  year={2008},
  organization={Springer}
}

@article{alsabah2016performance,
  title={Performance and security improvements for tor: A survey},
  author={AlSabah, Mashael and Goldberg, Ian},
  journal={ACM Computing Surveys (CSUR)},
  volume={49},
  number={2},
  pages={32},
  year={2016},
  publisher={ACM}
}

@article{back2014enabling,
    title={Enabling Blockchain Innovations with Pegged Sidechains},
  author="Adam Back and Matt Corallo and Luke Dashjr and Mark Friedenbach and Gregory Maxwell and Andrew Miller and Andrew Poelstra and Jorge Timon and Pieter Wuille",
  howpublished = {\url{https://blockstream.com/technology/sidechains.pdf}},
  year={2014}
}

@inproceedings{ben2015secure,
  title={Secure sampling of public parameters for succinct zero knowledge
                  proofs},
  author={Ben-Sasson, Eli and Chiesa, Alessandro and Green, Matthew and Tromer,
                  Eran and Virza, Madars},
  booktitle={Security and Privacy (SP), 2015 IEEE Symposium on},
  pages={287--304},
  year={2015},
  organization={IEEE}
}

@inproceedings{biryukov2015proof,
  title={Proof-of-work as anonymous micropayment: Rewarding a Tor relay},
  author={Biryukov, Alex and Pustogarov, Ivan},
  booktitle={International Conference on Financial Cryptography and Data
                  Security},
  pages={445--455},
  year={2015},
  organization={Springer}
}

@article{carbunar2012tipping,
  title={Tipping pennies? privately practical anonymous micropayments},
  author={Carbunar, Bogdan and Chen, Yao and Sion, Radu},
  journal={IEEE Transactions on Information Forensics and Security},
  volume={7},
  number={5},
  pages={1628--1637},
  year={2012},
  publisher={IEEE}
}

@inproceedings{chaabane2010digging,
  title={Digging into anonymous traffic: A deep analysis of the tor anonymizing network},
  author={Chaabane, Abdelberi and Manils, Pere and Kaafar, Mohamed Ali},
  booktitle={Network and System Security (NSS), 2010 4th International Conference on},
  pages={167--174},
  year={2010},
  organization={IEEE}
}

@inproceedings{chaum1988untraceable,
  title={Untraceable electronic cash},
  author={Chaum, David and Fiat, Amos and Naor, Moni},
  booktitle={Conference on the Theory and Application of Cryptography},
  pages={319--327},
  year={1988},
  organization={Springer}
}

@inproceedings{chen2009xpay,
  title={XPay: Practical anonymous payments for Tor routing and other networked
                  services},
  author={Chen, Yao and Sion, Radu and Carbunar, Bogdan},
  booktitle={Proceedings of the 8th ACM workshop on Privacy in the electronic
                  society},
  pages={41--50},
  year={2009},
  organization={ACM}
}

@inproceedings{chiesa2017decentralized,
  title={Decentralized anonymous micropayments},
  author={Chiesa, Alessandro and Green, Matthew and Liu, Jingcheng and Miao,
                  Peihan and Miers, Ian and Mishra, Pratyush},
  booktitle={Annual International Conference on the Theory and Applications of
                  Cryptographic Techniques},
  pages={609--642},
  year={2017},
  organization={Springer}
}

@inproceedings{crosby2009efficient,
  title={Efficient Data Structures For Tamper-Evident Logging.},
  author={Crosby, Scott A and Wallach, Dan S},
  booktitle={USENIX Security Symposium},
  pages={317--334},
  year={2009}
}

@book{crump2011phenomenon,
  title={The Phenomenon of Money (Routledge Revivals)},
  author={Crump, Thomas and others},
  year={2011},
  publisher={Routledge}
}

@article{daigle2004whois,
  title={WHOIS protocol specification},
  author={Daigle, Leslie},
  year={2004}
}

@inproceedings{dingledine2004tor,
  title={Tor: The second generation onion router},
  author={Dingledine, R and Mathewson, N and Syverson, Paul},
  booktitle={Usenix Security},
  year={2004}
}

@inproceedings{dingledine2010building,
  title={Building incentives into Tor},
  author={Dingledine, Roger and Wallach, Dan S and others},
  booktitle={International Conference on Financial Cryptography and Data
                  Security},
  pages={238--256},
  year={2010},
  organization={Springer}
}

@inproceedings{fu2009one,
  title={One cell is enough to break torâ€™s anonymity},
  author={Fu, Xinwen and Ling, Zhen and Luo, J and Yu, W and Jia, W and Zhao, W},
  booktitle={Proceedings of Black Hat Technical Security Conference},
  pages={578--589},
  year={2009},
}

@inproceedings{ghosh2014torpath,
  title={A TorPath to TorCoin: proof-of-bandwidth altcoins for compensating
                  relays},

  author={Ghosh, Mainak and Richardson, Miles and Ford, Bryan and Jansen, Rob},
  booktitle={7th Workshop on Hot Topics in Privacy Enhancing Technologies (HotPETs 2014)},
  year={2014},
}

@inproceedings{green2017bolt,
  title={Bolt: Anonymous payment channels for decentralized currencies},
  author={Green, Matthew and Miers, Ian},
  booktitle={Proceedings of the 2017 ACM SIGSAC Conference on Computer and
                  Communications Security},
  pages={473--489},
  year={2017},
  organization={ACM}
}

@misc{bolt-eprint,
 title={Bolt: Anonymous payment channels for decentralized currencies},
 author={Green, Matthew and Miers, Ian},
 howpublished = {\url{https://eprint.iacr.org/2016/701}},
 booktitle={eprint version},
 year={2016}
}
@misc{jansenblogpost,
 title={Tor incentives research roundup: GoldStar, PAR, BRAIDS, LIRA, TEARS, and TorCoin},
 author={Jansen, Rob},
 howpublished ={\url{https://blog.torproject.org/tor-incentives-research-roundup-goldstar-par-braids-lira-tears-and-torcoin}},
 year = {2014}
}
@article{heilman2016tumblebit,
  title={Tumblebit: An untrusted bitcoin-compatible anonymous payment hub},
  author={Heilman, Ethan and Alshenibr, Leen and Baldimtsi, Foteini and Scafuro,
                  Alessandra and Goldberg, Sharon},
  journal={Cryptology ePrint Archive, Report 2016/575, Tech. Rep.},
  year={2016}
}

@inproceedings{jansen2010recruiting,
  title={Recruiting new Tor relays with BRAIDS},
  author={Jansen, Rob and Hopper, Nicholas and Kim, Yongdae},
  booktitle={Proceedings of the 17th ACM conference on Computer and
                  communications security},
  pages={319--328},
  year={2010},
  organization={ACM}
}

@inproceedings{jansen2011shadow,
  title = {{Shadow: Running Tor in a Box for Accurate and Efficient Experimentation}}, 
  author = {Rob Jansen and Nicholas Hopper}, 
  booktitle = {Proceedings of the Network and Distributed System Security Symposium -
        {NDSS}'12}, 
  year = {2012}, 
  month = {February}, 
  publisher = {Internet Society}, 
  www_tags = {selected}, 
  www_pdf_url = {http://www.internetsociety.org/sites/default/files/09_3.pdf}, 
  www_section = {Anonymous communication,Tor Performance}
}

@inproceedings{jansen2013lira,
  title={LIRA: Lightweight incentivized routing for anonymity},
  author={Jansen, Rob and Johnson, Aaron and Syverson, Paul},
  year={2013},
  booktitle={Proceedings of the 20th Network and Distributed System Security Symposium.}
}

@inproceedings{jansen2014never,
  title={Never Been KIST: Tor's Congestion Management Blossoms with
                  Kernel-Informed Socket Transport.},
  author={Jansen, Rob and Geddes, John and Wacek, Chris and Sherr, Micah and
                  Syverson, Paul F},
  booktitle={USENIX Security Symposium},
  pages={127--142},
  year={2014}
}

@inproceedings{jansen2014onions,
  title={From onions to shallots: Rewarding Tor relays with TEARS},
  author={Jansen, Rob and Miller, Andrew and Syverson, Paul and Ford, Bryan},
  year={2014},
  booktitle={7th Workshop on Hot Topics in Privacy Enhancing Technologies (HotPETs 2014)}
}

@article{jansen2017tor,
  title={Tor's Been KIST: A Case Study of Transitioning Tor Research to Practice},
  author={Jansen, Rob and Traudt, Matthew},
  journal={arXiv preprint arXiv:1709.01044},
  year={2017}
}
@article{jansen2018kist,
  title={KIST: Kernel-Informed Socket Transport for Tor},
  author={Jansen, Rob and Traudt, Matthew and Geddes, John and Wacek, Chris and Sherr, Micah and Syverson, Paul},
  journal={ACM Transactions on Privacy and Security (TOPS)},
  volume={22},
  number={1},
  pages={3},
  year={2018},
  publisher={ACM}
}


@inproceedings{mccoy2008shining,
  title={Shining light in dark places: Understanding the Tor network},
  author={McCoy, Damon and Bauer, Kevin and Grunwald, Dirk and Kohno, Tadayoshi and Sicker, Douglas},
  booktitle={International Symposium on Privacy Enhancing Technologies Symposium},
  pages={63--76},
  year={2008},
  organization={Springer}
}

@inproceedings{meiklejohn2018mobius,
  title={M{\"o}bius: Trustless tumbling for transaction privacy},
  author={Meiklejohn, Sarah and Mercer, Rebekah},
  journal={Proceedings on Privacy Enhancing Technologies},
  volume={2018},
  number={2},
  pages={105--121},
  year={2018},
  publisher={De Gruyter Open}
}

@article{miller2017empirical,
  title={An empirical analysis of linkability in the Monero blockchain},
  author={Miller, Andrew and M{\"o}ser, Malte and Lee, Kevin and Narayanan, Arvind},
  journal={arXiv preprint arXiv:1704.04299},
  year={2017}
}

@inproceedings{murdoch2005low,
  title={Low-cost traffic analysis of Tor},
  author={Murdoch, Steven J and Danezis, George},
  booktitle={Security and Privacy, 2005 IEEE Symposium on},
  pages={183--195},
  year={2005},
  organization={IEEE}
}

@article{nakamoto2008bitcoin,
  title={Bitcoin: A peer-to-peer electronic cash system},
  author={Nakamoto, Satoshi},
  year={2008}
}

@inproceedings{pass2015micropayments,
  title={Micropayments for decentralized currencies},
  author={Pass, Rafael and others},
  booktitle={Proceedings of the 22nd ACM SIGSAC Conference on Computer and
                  Communications Security},
  pages={207--218},
  year={2015},
  organization={ACM}
}

@article{poon2016bitcoin,
  title={The bitcoin lightning network: Scalable off-chain instant payments},
  author={Poon, Joseph and Dryja, Thaddeus},
  journal={draft version 0.5},
  volume={9},
  pages={14},
  year={2016}
}

@article{poon2017plasma,
  title={Plasma: Scalable Autonomous Smart Contracts},
  author={Poon, Joseph and Buterin, Vitalik},
  journal={White paper},
  year={2017}
}

@misc{portal2018tormetrics,
  title={Tor Performance Metrics},
  howpublished = {\url{metrics.torproject.org}},
  note={Accessed: 2018}
}

@inproceedings{reardon2009improving,
  title={Improving Tor using a TCP-over-DTLS tunnel},
  author={Reardon, Joel and Goldberg, Ian},
  booktitle={Proceedings of the 18th conference on USENIX security symposium},
  pages={119--134},
  year={2009},
  organization={USENIX Association}
}

@inproceedings{rivest1996payword,
  title={PayWord and MicroMint: Two simple micropayment schemes},
  author={Rivest, Ronald L and Shamir, Adi},
  booktitle={International workshop on security protocols},
  pages={69--87},
  year={1996},
  organization={Springer}
}

@article{rochet2018dropping,
  title={Dropping on the Edge: Flexibility and Traffic Confirmation in Onion
                  Routing Protocols},
  author={Rochet, Florentin and Pereira, Olivier},
  journal={Proceedings on Privacy Enhancing Technologies},
  volume={2018},
  number={2},
  pages={27--46},
  year={2018},
  publisher={De Gruyter Open}
}

@misc{salamon2018orchid,
  title={Orchid: Enabling Decentralized Network Formation and Probabilistic
                  Micro-Payments},
  author={Salamon, David L and Simonsson, Gustav and Vohaska, Brian and others},
  year={2018},
  publisher={January}
}

@inproceedings{sasson2014zerocash,
  title={Zerocash: Decentralized anonymous payments from bitcoin},
  author={Sasson, Eli Ben and Chiesa, Alessandro and Garman, Christina and
                  Green, Matthew and Miers, Ian and Tromer, Eran and Virza,
                  Madars},
  booktitle={Security and Privacy (SP), 2014 IEEE Symposium on},
  pages={459--474},
  year={2014},
  organization={IEEE}
}

@misc{team2018blockchain,
  title={Blockchain Info},
  howpublished = {\url{https://blockchain.info/stats}},
  note = {Accessed: April 2018},
  year={2018}
}

@misc{team2018httparchive,
  title={HTTP Archive},
  howpublished = {\url{https://httparchive.org/}},
  year={2018}
}

@inproceedings{tang2010improved,
  title={An improved algorithm for Tor circuit scheduling},
  author={Tang, Can and Goldberg, Ian},
  booktitle={Proceedings of the 17th ACM conference on Computer and
                  communications security},
  pages={329--339},
  year={2010},
  organization={ACM}
}

@misc{dingledine2018tor,
  title={Tor protocol specification},
  author={Dingledine, Roger and Mathewson, Nick},
  year={2018}
}

@misc{van2013cryptonote,
  title={Cryptonote v 2. 0},
  author={Van Saberhagen, Nicolas},
  year={2013}
}

@article{williamson1994referral,
  title={Referral whois protocol (rwhois)},
  author={Williamson, S and Kosters, M},
  year={1994}
}

@inproceedings{winter2012great,
  title={How the Great Firewall of China is Blocking Tor.},
  author={Winter, Philipp and Lindskog, Stefan},
  year={2012}
}

@article{wood2014ethereum,
  title={Ethereum: A secure decentralised generalised transaction ledger},
  author={Wood, Gavin},
  journal={Ethereum Project Yellow Paper},
  volume={151},
  pages={1--32},
  year={2014}
}

@article{wright2004predecessor,
  title={The predecessor attack: An analysis of a threat to anonymous
                  communications systems},
  author={Wright, Matthew K and Adler, Micah and Levine, Brian Neil and Shields,
                  Clay},
  journal={ACM Transactions on Information and System Security (TISSEC)},
  volume={7},
  number={4},
  pages={489--522},
  year={2004},
  publisher={ACM}
}

@misc{torspec,
  title={Tor protocol specifications},
  author={Dingledine, Roger and Mathewson, Nick},
  howpublished = {\url{https://gitweb.torproject.org/torspec.git/tree/tor-spec.txt}},
  note = {Accessed: April 2018}
}

@misc{dirspec,
  title={Tor directory specifications},
  author={Dingledine, Roger and Mathewson, Nick},
  howpublished = {\url{https://gitweb.torproject.org/torspec.git/tree/dir-spec.txt}},
  note = {Accessed: February 2019} 
}

@misc{torsafety,
  title={Tor Research Safety Board},
  howpublished = {\url{https://research.torproject.org/safetyboard.html}},
  note = {Members: \url{https://research.torproject.org/safetyboard.html\#who}},
  year = {2018}
}
@misc{monetor-github,
  title={Account holding moneTor code},
  howpublished = {\url{https://github.com/monetor}},
  year = {2018}
}
@misc{archive-2009-mail,
  title={Effect of Tor window size on performance},
  author={Kiraly, Csaba and Dingledine, Roger and Bianchi, Giuseppe and Lo Cigno, Renato and M. Scattolo, Alberto},
  year={2009},
  howpublished={\url{http://archives.seul.org/or/dev/Feb-2009/msg00000.html}}
}
@misc{braids-repository,
  title={{BRAIDS} github repository},
  author={Rob Jansen},
  howpublished={\url{https://github.com/robgjansen/braids-tor-simulator}},
  year={2010}
}
@misc{wf_proposal,
  title={Waterfilling proposal},
  author={Rochet, Florentin and Pereira, Olivier},
  howpublished={\url{https://github.com/frochet/wf_proposal}},
  year={2017}
}
@article{kiraly2008solving,
  title={Solving performance issues in anonymization overlays with a L3 approach},
  author={Kiraly, Csaba and Bianchi, Giuseppe and Lo Cigno, Renato},
  year={2008},
  howpublished={\url{http://disi.unitn.it/locigno/preprints/TR-DISI-08-041.pdf}},
  institution={University of Trento}
}
@article{dingledine2009performance,
  title={Performance Improvements on Tor or, Why Tor is slow and what weâ€™re going to do about it},
  author={Dingledine, Roger and Murdoch, Steven J},
  journal={Online: http://www. torproject. org/press/presskit/2009-03-11-performance. pdf},
  year={2009}
}

  
@article{chun2003planetlab,
  title={Planetlab: an overlay testbed for broad-coverage services},
  author={Chun, Brent and Culler, David and Roscoe, Timothy and Bavier, Andy and Peterson, Larry and Wawrzoniak, Mike and Bowman, Mic},
  journal={ACM SIGCOMM Computer Communication Review},
  volume={33},
  number={3},
  pages={3--12},
  year={2003},
  publisher={ACM}
}
@inproceedings{pets2011-defenestrator,
  title = {DefenestraTor: Throwing out Windows in Tor},
  author = {Mashael AlSabah and Kevin Bauer and Ian Goldberg and Dirk Grunwald and Damon
        McCoy and Stefan Savage and Geoffrey Voelker},
  booktitle = {Proceedings of the 11th Privacy Enhancing Technologies Symposium (PETS
        2011)},
  year = {2011},
  month = {July},
  location = {Waterloo, Canada},
  www_tags = {selected},
  www_pdf_url = {http://freehaven.net/anonbib/papers/pets2011/p8-alsabah.pdf},
  www_section = {Anonymous communication,Tor Performance},
}
@article{danezis2015centrally,
  title={Centrally banked cryptocurrencies},
  author={Danezis, George and Meiklejohn, Sarah},
  booktitle = {Proceedings of the Network and Distributed System Security Symposium -
        {NDSS}'16},
  year={2016}
}
@article{waterfilling-pets2017,
  title = {Waterfilling: Balancing the Tor network with maximum diversity},
  author = {Florentin Rochet and Olivier Pereira},
  journal = {Proceedings on Privacy Enhancing Technologies},
  volume = {2017},
  number = {2},
  year = {2017},
  month = {April},
  www_tags = {selected},
  www_pdf_url = {https://petsymposium.org/2017/papers/issue2/paper05-2017-2-source.pdf},
  www_section = {Tor Performance},
}
@inproceedings{taps-ndss2017,
  title = {Avoiding The Man on the Wire: Improving Tor's Security with Trust-Aware Path
        Selection},
  author = {Aaron Johnson and Rob Jansen and Aaron D. Jaggard and Joan Feigenbaum and Paul
        Syverson},
  booktitle = {Proceedings of the Network and Distributed Security Symposium - {NDSS} '17},
  year = {2017},
  month = {February},
  publisher = {Internet Society},
  www_tags = {selected},
  www_pdf_url = {http://www.robgjansen.com/publications/taps-ndss2017.pdf},
  www_section = {Anonymous communication},
}

@inproceedings{tracey2018high,
  title={High performance tor experimentation from the magic of dynamic ELFs},
  author={Tracey, Justin and Jansen, Rob and Goldberg, Ian},
  booktitle={11th $\{$USENIX$\}$ Workshop on Cyber Security Experimentation and Test ($\{$CSET$\}$ 18)},
  year={2018}
}

@inproceedings{heilman2017tumblebit,
  title={TumbleBit: An untrusted Bitcoin-compatible anonymous payment hub},
  author={Heilman, Ethan and Alshenibr, Leen and Baldimtsi, Foteini and Scafuro, Alessandra and Goldberg, Sharon},
  booktitle={Network and Distributed System Security Symposium},
  year={2017}
}

@inproceedings{malavolta2017concurrency,
  title={Concurrency and privacy with payment-channel networks},
  author={Malavolta, Giulio and Moreno-Sanchez, Pedro and Kate, Aniket and Maffei, Matteo and Ravi, Srivatsan},
  booktitle={Proceedings of the 2017 ACM SIGSAC Conference on Computer and Communications Security},
  pages={455--471},
  year={2017},
  organization={ACM}
}
@article{dovrolis1999case,
  title={A case for relative differentiated services and the proportional differentiation model},
  author={Dovrolis, Constantinos and Ramanathan, Parameswaran},
  journal={IEEE network},
  volume={13},
  number={5},
  pages={26--34},
  year={1999},
  publisher={IEEE}
}
@article{10.1257/jep.25.4.191,
Author = {Gneezy, Uri and Meier, Stephan and Rey-Biel, Pedro},
Title = {When and Why Incentives (Don't) Work to Modify Behavior},
Journal = {Journal of Economic Perspectives},
Volume = {25},
Number = {4},
Year = {2011},
Month = {December},
Pages = {191-210},
DOI = {10.1257/jep.25.4.191},
}
@article{10.1257/aer.96.5.1611,
Author = {Falk, Armin and Kosfeld, Michael},
Title = {The Hidden Costs of Control},
Journal = {American Economic Review},
Volume = {96},
Number = {5},
Year = {2006},
Month = {December},
Pages = {1611-1630},
DOI = {10.1257/aer.96.5.1611},
}
@article{10.1257/aer.96.5.1652,
Author = {BÃ©nabou, Roland and Tirole, Jean},
Title = {Incentives and Prosocial Behavior},
Journal = {American Economic Review},
Volume = {96},
Number = {5},
Year = {2006},
Month = {December},
Pages = {1652-1678},
DOI = {10.1257/aer.96.5.1652},
}

@article{10.1086/431263,
 ISSN = {00130079, 15392988},
 URL = {http://www.jstor.org/stable/10.1086/431263},
 author = {Jere R. Behrman and Piyali Sengupta and Petra Todd},
 journal = {Economic Development and Cultural Change},
 number = {1},
 pages = {237--275},
 publisher = {The University of Chicago Press},
 title = {Progressing through PROGRESA: An Impact Assessment of a School Subsidy Experiment in Rural Mexico},
 volume = {54},
 year = {2005}
}
@inproceedings{privcount-ccs2016,
  title = {Safely Measuring Tor}, 
  author = {Rob Jansen and Aaron Johnson}, 
  booktitle = {Proceedings of the 23rd ACM Conference on Computer and Communications
        Security (CCS '16)}, 
  year = {2016}, 
  month = {October}, 
  www_tags = {selected}, 
  www_pdf_url = {http://ohmygodel.com/publications/privcount-ccs2016.pdf}, 
  www_section = {Misc}, 
}

@inproceedings{learning-ccs2018,
  title = {Privacy-preserving Dynamic Learning of Tor Network Traffic}, 
  author = {Rob Jansen and Matthew Traudt and Nicholas Hopper}, 
  booktitle = {Proceedings of the 24th ACM Conference on Computer and Communications
        Security (CCS '18)}, 
  year = {2018}, 
  month = {November}, 
  www_tags = {selected}, 
  www_pdf_url = {https://www.robgjansen.com/publications/tmodel-ccs2018.pdf}, 
  www_section = {Traffic analysis}, 
}
